@ARTICLE{AngladaEscude2012,
       author = {{Anglada-Escud{\'e}}, Guillem and {Butler}, R. Paul},
        title = "{The HARPS-TERRA Project. I. Description of the Algorithms, Performance,
        and New Measurements on a Few Remarkable Stars Observed by HARPS}",
      journal = {The Astrophysical Journal Supplement Series},
     keywords = {methods: data analysis, planetary systems, stars: individual: Tau Ceti
        HD 85512 Barnard's star Proxima Kapteyn's star GJ676A Epsilon
        Eridani HD 69830, techniques: radial velocities, Astrophysics -
        Earth and Planetary Astrophysics, Astrophysics - Instrumentation
        and Methods for Astrophysics, Astrophysics - Solar and Stellar
        Astrophysics},
         year = 2012,
        month = Jun,
       volume = {200},
          eid = {15},
        pages = {15},
          doi = {10.1088/0067-0049/200/2/15},
archivePrefix = {arXiv},
       eprint = {1202.2570},
       adsurl = {https://ui.adsabs.harvard.edu/#abs/2012ApJS..200...15A},
      adsnote = {Provided by the SAO/NASA Astrophysics Data System}
}

@INPROCEEDINGS{Artigau2014,
       author = {{Artigau}, {\'E}tienne and {Astudillo-Defru}, Nicola and {Delfosse},
        Xavier and {Bouchy}, Fran{\c{c}}ois and {Bonfils}, Xavier and
        {Lovis}, Christophe and {Pepe}, Francesco and {Moutou}, Claire
        and {Donati}, Jean-Fran{\c{c}}ois and {Doyon}, Ren{\'e} and
        {Malo}, Lison},
        title = "{Telluric-line subtraction in high-accuracy velocimetry: a PCA-based
        approach}",
     keywords = {Astrophysics - Instrumentation and Methods for Astrophysics},
    booktitle = {Observatory Operations: Strategies, Processes, and Systems V},
         year = 2014,
       volume = {9149},
        month = Jul,
          eid = {914905},
        pages = {914905},
          doi = {10.1117/12.2056385},
archivePrefix = {arXiv},
       eprint = {1406.6927},
       adsurl = {https://ui.adsabs.harvard.edu/#abs/2014SPIE.9149E..05A},
      adsnote = {Provided by the SAO/NASA Astrophysics Data System}
}

@ARTICLE{Artigau2018,
       author = {{Artigau}, {\'E}tienne and {Malo}, Lison and {Doyon}, Ren{\'e} and
        {Figueira}, Pedro and {Delfosse}, Xavier and {Astudillo-Defru},
        Nicola},
        title = "{Optical and Near-infrared Radial Velocity Content of M Dwarfs: Testing
        Models with Barnard{\textquoteright}s Star}",
      journal = {\aj},
     keywords = {techniques: radial velocities, instrumentation: spectrographs, methods:
        data analysis, stars: low-mass, Astrophysics - Instrumentation
        and Methods for Astrophysics, Astrophysics - Solar and Stellar
        Astrophysics},
         year = 2018,
        month = May,
       volume = {155},
          eid = {198},
        pages = {198},
          doi = {10.3847/1538-3881/aab77d},
       adsurl = {https://ui.adsabs.harvard.edu/#abs/2018AJ....155..198A},
      adsnote = {Provided by the SAO/NASA Astrophysics Data System}
}

@ARTICLE{Baker2017,
       author = {{Baker}, Ashley D. and {Blake}, Cullen H. and {Sliski}, David H.},
        title = "{Monitoring Telluric Absorption with CAMAL}",
      journal = {Publications of the Astronomical Society of the Pacific},
     keywords = {Astrophysics - Instrumentation and Methods for Astrophysics,
        Astrophysics - Earth and Planetary Astrophysics},
         year = 2017,
        month = Aug,
       volume = {129},
        pages = {085002},
          doi = {10.1088/1538-3873/aa77ab},
       adsurl = {https://ui.adsabs.harvard.edu/#abs/2017PASP..129h5002B},
      adsnote = {Provided by the SAO/NASA Astrophysics Data System}
}

@ARTICLE{Bailey2007,
       author = {{Bailey}, Jeremy and {Simpson}, Andrew and {Crisp}, David},
        title = "{Correcting Infrared Spectra for Atmospheric Transmission}",
      journal = {Publications of the Astronomical Society of the Pacific},
     keywords = {Infrared: Solar System, Methods: Data Analysis, Planets and Satellites:
        Individual: Mars, Techniques: Spectroscopic},
         year = 2007,
        month = Feb,
       volume = {119},
        pages = {228-236},
          doi = {10.1086/512824},
       adsurl = {https://ui.adsabs.harvard.edu/#abs/2007PASP..119..228B},
      adsnote = {Provided by the SAO/NASA Astrophysics Data System}
}

@ARTICLE{Baranne1979,
       author = {{Baranne}, A. and {Mayor}, M. and {Poncet}, J.~L.},
        title = "{Coravel{\textemdash} A new tool for radial velocity measurements}",
      journal = {Vistas in Astronomy},
     keywords = {Radial Velocity, Spectrophotometers, Stellar Spectrophotometry, Velocity
        Measurement, Cross Correlation, Design Analysis, Echelle
        Gratings, Focal Plane Devices, Gratings (Spectra), Light
        Transmission, Metallic Stars, Optical Properties, Probability
        Distribution Functions, Spatial Filtering, Stellar Rotation,
        Stellar Spectra, Temperature Effects, Astronomy},
         year = 1979,
        month = Jan,
       volume = {23},
        pages = {279-316},
          doi = {10.1016/0083-6656(79)90016-3},
       adsurl = {https://ui.adsabs.harvard.edu/#abs/1979VA.....23..279B},
      adsnote = {Provided by the SAO/NASA Astrophysics Data System}
}



@ARTICLE{Bertaux2014,
       author = {{Bertaux}, J.~L. and {Lallement}, R. and {Ferron}, S. and {Boonne}, C.
        and {Bodichon}, R.},
        title = "{TAPAS, a web-based service of atmospheric transmission computation for
        astronomy}",
      journal = {\aap},
     keywords = {atmospheric effects, techniques: spectroscopic, Astrophysics -
        Instrumentation and Methods for Astrophysics},
         year = 2014,
        month = Apr,
       volume = {564},
          eid = {A46},
        pages = {A46},
          doi = {10.1051/0004-6361/201322383},
archivePrefix = {arXiv},
       eprint = {1311.4169},
       adsurl = {https://ui.adsabs.harvard.edu/#abs/2014A&A...564A..46B},
      adsnote = {Provided by the SAO/NASA Astrophysics Data System}
}

@ARTICLE{Blackman2017,
       author = {{Blackman}, Ryan T. and {Szymkowiak}, Andrew E. and {Fischer}, Debra A.
        and {Jurgenson}, Colby A.},
        title = "{Accounting for Chromatic Atmospheric Effects on Barycentric Corrections}",
      journal = {\apj},
     keywords = {instrumentation: spectrographs, techniques: radial velocities,
        Astrophysics - Earth and Planetary Astrophysics},
         year = 2017,
        month = Mar,
       volume = {837},
          eid = {18},
        pages = {18},
          doi = {10.3847/1538-4357/aa5ead},
archivePrefix = {arXiv},
       eprint = {1703.00012},
 primaryClass = {astro-ph.EP},
       adsurl = {https://ui.adsabs.harvard.edu/\#abs/2017ApJ...837...18B},
      adsnote = {Provided by the SAO/NASA Astrophysics Data System}
}

@ARTICLE{Bolton2010,
       author = {{Bolton}, Adam S. and {Schlegel}, David J.},
        title = "{Spectro-Perfectionism: An Algorithmic Framework for Photon Noise-Limited
        Extraction of Optical Fiber Spectroscopy}",
      journal = {Publications of the Astronomical Society of the Pacific},
     keywords = {Astrophysics - Instrumentation and Methods for Astrophysics,
        Astrophysics - Cosmology and Nongalactic Astrophysics},
         year = 2010,
        month = Feb,
       volume = {122},
        pages = {248},
          doi = {10.1086/651008},
archivePrefix = {arXiv},
       eprint = {0911.2689},
 primaryClass = {astro-ph.IM},
       adsurl = {https://ui.adsabs.harvard.edu/#abs/2010PASP..122..248B},
      adsnote = {Provided by the SAO/NASA Astrophysics Data System}
}



@ARTICLE{Bonfils2013,
       author = {{Bonfils}, X. and {Delfosse}, X. and {Udry}, S. and {Forveille}, T. and
        {Mayor}, M. and {Perrier}, C. and {Bouchy}, F. and {Gillon}, M.
        and {Lovis}, C. and {Pepe}, F. and {Queloz}, D. and {Santos},
        N.~C. and {S{\'e}gransan}, D. and {Bertaux}, J. -L.},
        title = "{The HARPS search for southern extra-solar planets. XXXI. The M-dwarf
        sample}",
      journal = {\aap},
     keywords = {planetary systems, techniques: radial velocities, methods: data
        analysis, Astrophysics - Earth and Planetary Astrophysics},
         year = 2013,
        month = Jan,
       volume = {549},
          eid = {A109},
        pages = {A109},
          doi = {10.1051/0004-6361/201014704},
archivePrefix = {arXiv},
       eprint = {1111.5019},
 primaryClass = {astro-ph.EP},
       adsurl = {https://ui.adsabs.harvard.edu/#abs/2013A&A...549A.109B},
      adsnote = {Provided by the SAO/NASA Astrophysics Data System}
}

@ARTICLE{Bottom2013,
   author = {{Bottom}, M. and {Muirhead}, P.~S. and {Johnson}, J.~A. and 
	{Blake}, C.~H.},
    title = "{Optimizing Doppler Surveys for Planet Yield}",
  journal = {\pasp},
archivePrefix = "arXiv",
   eprint = {1302.3910},
 primaryClass = "astro-ph.EP",
     year = 2013,
    month = mar,
   volume = 125,
    pages = {240},
      doi = {10.1086/670174},
   adsurl = {http://adsabs.harvard.edu/abs/2013PASP..125..240B},
  adsnote = {Provided by the SAO/NASA Astrophysics Data System}
}


@ARTICLE{Butler1996,
       author = {{Butler}, R.~P. and {Marcy}, G.~W. and {Williams}, E. and {McCarthy}, C.
        and {Dosanjh}, P. and {Vogt}, S.~S.},
        title = "{Attaining Doppler Precision of 3 M s-1}",
      journal = {Publications of the Astronomical Society of the Pacific},
     keywords = {TECHNIQUES: SPECTROSCOPIC},
         year = 1996,
        month = Jun,
       volume = {108},
        pages = {500},
          doi = {10.1086/133755},
       adsurl = {https://ui.adsabs.harvard.edu/#abs/1996PASP..108..500B},
      adsnote = {Provided by the SAO/NASA Astrophysics Data System}
}

@ARTICLE{Butler2006,
   author = {{Butler}, R.~P. and {Wright}, J.~T. and {Marcy}, G.~W. and {Fischer}, D.~A. and 
	{Vogt}, S.~S. and {Tinney}, C.~G. and {Jones}, H.~R.~A. and 
	{Carter}, B.~D. and {Johnson}, J.~A. and {McCarthy}, C. and 
	{Penny}, A.~J.},
    title = "{Catalog of Nearby Exoplanets}",
  journal = {\apj},
   eprint = {astro-ph/0607493},
 keywords = {Stars: Planetary Systems, Stars: Activity, Stars: Chromospheres},
     year = 2006,
    month = jul,
   volume = 646,
    pages = {505-522},
      doi = {10.1086/504701},
   adsurl = {http://adsabs.harvard.edu/abs/2006ApJ...646..505B},
  adsnote = {Provided by the SAO/NASA Astrophysics Data System}
}

@ARTICLE{Cegla2016,
   author = {{Cegla}, H.~M. and {Lovis}, C. and {Bourrier}, V. and {Beeck}, B. and 
	{Watson}, C.~A. and {Pepe}, F.},
    title = "{The Rossiter-McLaughlin effect reloaded: Probing the 3D spin-orbit geometry, differential stellar rotation, and the spatially-resolved stellar spectrum of star-planet systems}",
  journal = {\aap},
archivePrefix = "arXiv",
   eprint = {1602.00322},
 primaryClass = "astro-ph.EP",
 keywords = {convection, methods: data analysis, planets and satellites: dynamical evolution and stability, stars: rotation, techniques: radial velocities, techniques: spectroscopic},
     year = 2016,
    month = apr,
   volume = 588,
      eid = {A127},
    pages = {A127},
      doi = {10.1051/0004-6361/201527794},
   adsurl = {http://adsabs.harvard.edu/abs/2016A%26A...588A.127C},
  adsnote = {Provided by the SAO/NASA Astrophysics Data System}
}


@ARTICLE{Choi2013,
       author = {{Choi}, Jieun and {McCarthy}, Chris and {Marcy}, Geoffrey W. and
        {Howard}, Andrew W. and {Fischer}, Debra A. and {Johnson}, John
        A. and {Isaacson}, Howard and {Wright}, Jason T.},
        title = "{Precise Doppler Monitoring of Barnard's Star}",
      journal = {\apj},
     keywords = {stars: individual: Gl 699, techniques: radial velocities, Astrophysics -
        Earth and Planetary Astrophysics},
         year = 2013,
        month = Feb,
       volume = {764},
          eid = {131},
        pages = {131},
          doi = {10.1088/0004-637X/764/2/131},
archivePrefix = {arXiv},
       eprint = {1208.2273},
 primaryClass = {astro-ph.EP},
       adsurl = {https://ui.adsabs.harvard.edu/#abs/2013ApJ...764..131C},
      adsnote = {Provided by the SAO/NASA Astrophysics Data System}
}

@INPROCEEDINGS{Crane2010,
   author = {{Crane}, J.~D. and {Shectman}, S.~A. and {Butler}, R.~P. and 
	{Thompson}, I.~B. and {Birk}, C. and {Jones}, P. and {Burley}, G.~S.
	},
    title = "{The Carnegie Planet Finder Spectrograph: integration and commissioning}",
booktitle = {Ground-based and Airborne Instrumentation for Astronomy III},
     year = 2010,
   series = {\procspie},
   volume = 7735,
    month = jul,
      eid = {773553},
    pages = {773553},
      doi = {10.1117/12.857792},
   adsurl = {http://adsabs.harvard.edu/abs/2010SPIE.7735E..53C},
  adsnote = {Provided by the SAO/NASA Astrophysics Data System}
}

@ARTICLE{Cunha2014,
       author = {{Cunha}, D. and {Santos}, N.~C. and {Figueira}, P. and {Santerne}, A.
        and {Bertaux}, J.~L. and {Lovis}, C.},
        title = "{Impact of micro-telluric lines on precise radial velocities and its
        correction}",
      journal = {\aap},
     keywords = {atmospheric effects, techniques: radial velocities, planets and
        satellites: detection, Astrophysics - Earth and Planetary
        Astrophysics},
         year = 2014,
        month = Aug,
       volume = {568},
          eid = {A35},
        pages = {A35},
          doi = {10.1051/0004-6361/201423723},
archivePrefix = {arXiv},
       eprint = {1407.0181},
       adsurl = {https://ui.adsabs.harvard.edu/#abs/2014A&A...568A..35C},
      adsnote = {Provided by the SAO/NASA Astrophysics Data System}
}

@ARTICLE{Czekala2015,
       author = {{Czekala}, Ian and {Andrews}, Sean M. and {Mandel}, Kaisey S. and
        {Hogg}, David W. and {Green}, Gregory M.},
        title = "{Constructing a Flexible Likelihood Function for Spectroscopic Inference}",
      journal = {\apj},
     keywords = {methods: data analysis, methods: statistical, stars: fundamental parameters, stars: late-type, stars: statistics, techniques: spectroscopic, Astrophysics - Solar and Stellar Astrophysics, Astrophysics - Earth and Planetary Astrophysics, Astrophysics - Instrumentation and Methods for Astrophysics},
         year = 2015,
        month = Oct,
       volume = {812},
          eid = {128},
        pages = {128},
          doi = {10.1088/0004-637X/812/2/128},
archivePrefix = {arXiv},
       eprint = {1412.5177},
 primaryClass = {astro-ph.SR},
       adsurl = {https://ui.adsabs.harvard.edu/\#abs/2015ApJ...812..128C},
      adsnote = {Provided by the SAO/NASA Astrophysics Data System}
}

@ARTICLE{Czekala2017,
       author = {{Czekala}, Ian and {Mandel}, Kaisey S. and {Andrews}, Sean M. and
        {Dittmann}, Jason A. and {Ghosh}, Sujit K. and {Montet},
        Benjamin T. and {Newton}, Elisabeth R.},
        title = "{Disentangling Time-series Spectra with Gaussian Processes: Applications
        to Radial Velocity Analysis}",
      journal = {\apj},
     keywords = {binaries: spectroscopic, celestial mechanics, stars: fundamental
        parameters, stars: individual: LP661-13, techniques: radial
        velocities, techniques: spectroscopic, Astrophysics - Solar and
        Stellar Astrophysics, Astrophysics - Earth and Planetary
        Astrophysics, Astrophysics - Instrumentation and Methods for
        Astrophysics},
         year = 2017,
        month = May,
       volume = {840},
          eid = {49},
        pages = {49},
          doi = {10.3847/1538-4357/aa6aab},
       adsurl = {https://ui.adsabs.harvard.edu/#abs/2017ApJ...840...49C},
      adsnote = {Provided by the SAO/NASA Astrophysics Data System}
}

@ARTICLE{Davis2017,
       author = {{Davis}, Allen B. and {Cisewski}, Jessi and {Dumusque}, Xavier and
        {Fischer}, Debra A. and {Ford}, Eric B.},
        title = "{Insights on the Spectral Signatures of Stellar Activity and Planets from
        PCA}",
      journal = {\apj},
     keywords = {methods: statistical, planets and satellites: detection, stars:
        activity, techniques: radial velocities, Astrophysics - Earth
        and Planetary Astrophysics},
         year = 2017,
        month = Sep,
       volume = {846},
          eid = {59},
        pages = {59},
          doi = {10.3847/1538-4357/aa8303},
       adsurl = {https://ui.adsabs.harvard.edu/#abs/2017ApJ...846...59D},
      adsnote = {Provided by the SAO/NASA Astrophysics Data System}
}

@ARTICLE{Dumusque2018,
       author = {{Dumusque}, Xavier},
        title = "{Measuring precise radial velocities on individual spectral lines. I.
        Validation of the method and application to mitigate stellar
        activity}",
      journal = {ArXiv e-prints},
     keywords = {Astrophysics - Solar and Stellar Astrophysics, Astrophysics - Earth and
        Planetary Astrophysics, Astrophysics - Instrumentation and
        Methods for Astrophysics},
         year = 2018,
        month = Sep,
          eid = {arXiv:1809.01548},
        pages = {arXiv:1809.01548},
archivePrefix = {arXiv},
       eprint = {1809.01548},
 primaryClass = {astro-ph.SR},
       adsurl = {https://ui.adsabs.harvard.edu/#abs/2018arXiv180901548D},
      adsnote = {Provided by the SAO/NASA Astrophysics Data System}
}


@ARTICLE{Figueira2016,
       author = {{Figueira}, P. and {Adibekyan}, V. Zh. and {Oshagh}, M. and {Neal},
        J.~J. and {Rojas-Ayala}, B. and {Lovis}, C. and {Melo}, C. and
        {Pepe}, F. and {Santos}, N.~C. and {Tsantaki}, M.},
        title = "{Radial velocity information content of M dwarf spectra in the near-
        infrared}",
      journal = {\aap},
     keywords = {techniques: radial velocities, instrumentation: spectrographs, methods:
        data analysis, stars: low-mass, Astrophysics - Earth and
        Planetary Astrophysics, Astrophysics - Instrumentation and
        Methods for Astrophysics, Astrophysics - Solar and Stellar
        Astrophysics},
         year = 2016,
        month = Feb,
       volume = {586},
          eid = {A101},
        pages = {A101},
          doi = {10.1051/0004-6361/201526900},
       adsurl = {https://ui.adsabs.harvard.edu/#abs/2016A&A...586A.101F},
      adsnote = {Provided by the SAO/NASA Astrophysics Data System}
}

@ARTICLE{gaia2016,
       author = {{Gaia Collaboration} and {Prusti}, T. and {de Bruijne}, J.~H.~J. and
        {Brown}, A.~G.~A. and {Vallenari}, A. and {Babusiaux}, C. and
        {Bailer-Jones}, C.~A.~L. and {Bastian}, U. and {Biermann}, M.
        and {Evans}, D.~W. and {Eyer}, L. and {Jansen}, F. and {Jordi},
        C. and {Klioner}, S.~A. and {Lammers}, U. and {Lindegren}, L.
        and {Luri}, X. and {Mignard}, F. and {Milligan}, D.~J. and
        {Panem}, C. and {Poinsignon}, V. and {Pourbaix}, D. and
        {Randich}, S. and {Sarri}, G. and {Sartoretti}, P. and
        {Siddiqui}, H.~I. and {Soubiran}, C. and {Valette}, V. and {van
        Leeuwen}, F. and {Walton}, N.~A. and {Aerts}, C. and {Arenou},
        F. and {Cropper}, M. and {Drimmel}, R. and {H{\o}g}, E. and
        {Katz}, D. and {Lattanzi}, M.~G. and {O'Mullane}, W. and
        {Grebel}, E.~K. and {Holland}, A.~D. and {Huc}, C. and {Passot},
        X. and {Bramante}, L. and {Cacciari}, C. and {Casta{\~n}eda}, J.
        and {Chaoul}, L. and {Cheek}, N. and {De Angeli}, F. and
        {Fabricius}, C. and {Guerra}, R. and {Hern{\'a}ndez}, J. and
        {Jean-Antoine-Piccolo}, A. and {Masana}, E. and {Messineo}, R.
        and {Mowlavi}, N. and {Nienartowicz}, K. and {Ord{\'o}{\~n}ez-
        Blanco}, D. and {Panuzzo}, P. and {Portell}, J. and {Richards},
        P.~J. and {Riello}, M. and {Seabroke}, G.~M. and {Tanga}, P. and
        {Th{\'e}venin}, F. and {Torra}, J. and {Els}, S.~G. and {Gracia-
        Abril}, G. and {Comoretto}, G. and {Garcia-Reinaldos}, M. and
        {Lock}, T. and {Mercier}, E. and {Altmann}, M. and {Andrae}, R.
        and {Astraatmadja}, T.~L. and {Bellas-Velidis}, I. and {Benson},
        K. and {Berthier}, J. and {Blomme}, R. and {Busso}, G. and
        {Carry}, B. and {Cellino}, A. and {Clementini}, G. and {Cowell},
        S. and {Creevey}, O. and {Cuypers}, J. and {Davidson}, M. and
        {De Ridder}, J. and {de Torres}, A. and {Delchambre}, L. and
        {Dell'Oro}, A. and {Ducourant}, C. and {Fr{\'e}mat}, Y. and
        {Garc{\'\i}a-Torres}, M. and {Gosset}, E. and {Halbwachs}, J.
        -L. and {Hambly}, N.~C. and {Harrison}, D.~L. and {Hauser}, M.
        and {Hestroffer}, D. and {Hodgkin}, S.~T. and {Huckle}, H.~E.
        and {Hutton}, A. and {Jasniewicz}, G. and {Jordan}, S. and
        {Kontizas}, M. and {Korn}, A.~J. and {Lanzafame}, A.~C. and
        {Manteiga}, M. and {Moitinho}, A. and {Muinonen}, K. and
        {Osinde}, J. and {Pancino}, E. and {Pauwels}, T. and {Petit}, J.
        -M. and {Recio-Blanco}, A. and {Robin}, A.~C. and {Sarro}, L.~M.
        and {Siopis}, C. and {Smith}, M. and {Smith}, K.~W. and
        {Sozzetti}, A. and {Thuillot}, W. and {van Reeven}, W. and
        {Viala}, Y. and {Abbas}, U. and {Abreu Aramburu}, A. and
        {Accart}, S. and {Aguado}, J.~J. and {Allan}, P.~M. and
        {Allasia}, W. and {Altavilla}, G. and {{\'A}lvarez}, M.~A. and
        {Alves}, J. and {Anderson}, R.~I. and {Andrei}, A.~H. and
        {Anglada Varela}, E. and {Antiche}, E. and {Antoja}, T. and
        {Ant{\'o}n}, S. and {Arcay}, B. and {Atzei}, A. and {Ayache}, L.
        and {Bach}, N. and {Baker}, S.~G. and {Balaguer-N{\'u}{\~n}ez},
        L. and {Barache}, C. and {Barata}, C. and {Barbier}, A. and
        {Barblan}, F. and {Baroni}, M. and {Barrado y Navascu{\'e}s}, D.
        and {Barros}, M. and {Barstow}, M.~A. and {Becciani}, U. and
        {Bellazzini}, M. and {Bellei}, G. and {Bello Garc{\'\i}a}, A.
        and {Belokurov}, V. and {Bendjoya}, P. and {Berihuete}, A. and
        {Bianchi}, L. and {Bienaym{\'e}}, O. and {Billebaud}, F. and
        {Blagorodnova}, N. and {Blanco-Cuaresma}, S. and {Boch}, T. and
        {Bombrun}, A. and {Borrachero}, R. and {Bouquillon}, S. and
        {Bourda}, G. and {Bouy}, H. and {Bragaglia}, A. and {Breddels},
        M.~A. and {Brouillet}, N. and {Br{\"u}semeister}, T. and
        {Bucciarelli}, B. and {Budnik}, F. and {Burgess}, P. and
        {Burgon}, R. and {Burlacu}, A. and {Busonero}, D. and {Buzzi},
        R. and {Caffau}, E. and {Cambras}, J. and {Campbell}, H. and
        {Cancelliere}, R. and {Cantat-Gaudin}, T. and {Carlucci}, T. and
        {Carrasco}, J.~M. and {Castellani}, M. and {Charlot}, P. and
        {Charnas}, J. and {Charvet}, P. and {Chassat}, F. and
        {Chiavassa}, A. and {Clotet}, M. and {Cocozza}, G. and
        {Collins}, R.~S. and {Collins}, P. and {Costigan}, G. and
        {Crifo}, F. and {Cross}, N.~J.~G. and {Crosta}, M. and
        {Crowley}, C. and {Dafonte}, C. and {Damerdji}, Y. and
        {Dapergolas}, A. and {David}, P. and {David}, M. and {De Cat},
        P. and {de Felice}, F. and {de Laverny}, P. and {De Luise}, F.
        and {De March}, R. and {de Martino}, D. and {de Souza}, R. and
        {Debosscher}, J. and {del Pozo}, E. and {Delbo}, M. and
        {Delgado}, A. and {Delgado}, H.~E. and {di Marco}, F. and {Di
        Matteo}, P. and {Diakite}, S. and {Distefano}, E. and {Dolding},
        C. and {Dos Anjos}, S. and {Drazinos}, P. and {Dur{\'a}n}, J.
        and {Dzigan}, Y. and {Ecale}, E. and {Edvardsson}, B. and
        {Enke}, H. and {Erdmann}, M. and {Escolar}, D. and {Espina}, M.
        and {Evans}, N.~W. and {Eynard Bontemps}, G. and {Fabre}, C. and
        {Fabrizio}, M. and {Faigler}, S. and {Falc{\~a}o}, A.~J. and
        {Farr{\`a}s Casas}, M. and {Faye}, F. and {Federici}, L. and
        {Fedorets}, G. and {Fern{\'a}ndez-Hern{\'a}ndez}, J. and
        {Fernique}, P. and {Fienga}, A. and {Figueras}, F. and
        {Filippi}, F. and {Findeisen}, K. and {Fonti}, A. and
        {Fouesneau}, M. and {Fraile}, E. and {Fraser}, M. and {Fuchs},
        J. and {Furnell}, R. and {Gai}, M. and {Galleti}, S. and
        {Galluccio}, L. and {Garabato}, D. and {Garc{\'\i}a-Sedano}, F.
        and {Gar{\'e}}, P. and {Garofalo}, A. and {Garralda}, N. and
        {Gavras}, P. and {Gerssen}, J. and {Geyer}, R. and {Gilmore}, G.
        and {Girona}, S. and {Giuffrida}, G. and {Gomes}, M. and
        {Gonz{\'a}lez-Marcos}, A. and {Gonz{\'a}lez-N{\'u}{\~n}ez}, J.
        and {Gonz{\'a}lez-Vidal}, J.~J. and {Granvik}, M. and
        {Guerrier}, A. and {Guillout}, P. and {Guiraud}, J. and
        {G{\'u}rpide}, A. and {Guti{\'e}rrez-S{\'a}nchez}, R. and {Guy},
        L.~P. and {Haigron}, R. and {Hatzidimitriou}, D. and {Haywood},
        M. and {Heiter}, U. and {Helmi}, A. and {Hobbs}, D. and
        {Hofmann}, W. and {Holl}, B. and {Holland}, G. and {Hunt},
        J.~A.~S. and {Hypki}, A. and {Icardi}, V. and {Irwin}, M. and
        {Jevardat de Fombelle}, G. and {Jofr{\'e}}, P. and {Jonker},
        P.~G. and {Jorissen}, A. and {Julbe}, F. and {Karampelas}, A.
        and {Kochoska}, A. and {Kohley}, R. and {Kolenberg}, K. and
        {Kontizas}, E. and {Koposov}, S.~E. and {Kordopatis}, G. and
        {Koubsky}, P. and {Kowalczyk}, A. and {Krone-Martins}, A. and
        {Kudryashova}, M. and {Kull}, I. and {Bachchan}, R.~K. and
        {Lacoste-Seris}, F. and {Lanza}, A.~F. and {Lavigne}, J. -B. and
        {Le Poncin-Lafitte}, C. and {Lebreton}, Y. and {Lebzelter}, T.
        and {Leccia}, S. and {Leclerc}, N. and {Lecoeur-Taibi}, I. and
        {Lemaitre}, V. and {Lenhardt}, H. and {Leroux}, F. and {Liao},
        S. and {Licata}, E. and {Lindstr{\o}m}, H.~E.~P. and {Lister},
        T.~A. and {Livanou}, E. and {Lobel}, A. and {L{\"o}ffler}, W.
        and {L{\'o}pez}, M. and {Lopez-Lozano}, A. and {Lorenz}, D. and
        {Loureiro}, T. and {MacDonald}, I. and {Magalh{\~a}es
        Fernandes}, T. and {Managau}, S. and {Mann}, R.~G. and
        {Mantelet}, G. and {Marchal}, O. and {Marchant}, J.~M. and
        {Marconi}, M. and {Marie}, J. and {Marinoni}, S. and {Marrese},
        P.~M. and {Marschalk{\'o}}, G. and {Marshall}, D.~J. and
        {Mart{\'\i}n-Fleitas}, J.~M. and {Martino}, M. and {Mary}, N.
        and {Matijevi{\v{c}}}, G. and {Mazeh}, T. and {McMillan}, P.~J.
        and {Messina}, S. and {Mestre}, A. and {Michalik}, D. and
        {Millar}, N.~R. and {Miranda}, B.~M.~H. and {Molina}, D. and
        {Molinaro}, R. and {Molinaro}, M. and {Moln{\'a}r}, L. and
        {Moniez}, M. and {Montegriffo}, P. and {Monteiro}, D. and {Mor},
        R. and {Mora}, A. and {Morbidelli}, R. and {Morel}, T. and
        {Morgenthaler}, S. and {Morley}, T. and {Morris}, D. and
        {Mulone}, A.~F. and {Muraveva}, T. and {Musella}, I. and
        {Narbonne}, J. and {Nelemans}, G. and {Nicastro}, L. and
        {Noval}, L. and {Ord{\'e}novic}, C. and {Ordieres-Mer{\'e}}, J.
        and {Osborne}, P. and {Pagani}, C. and {Pagano}, I. and
        {Pailler}, F. and {Palacin}, H. and {Palaversa}, L. and
        {Parsons}, P. and {Paulsen}, T. and {Pecoraro}, M. and
        {Pedrosa}, R. and {Pentik{\"a}inen}, H. and {Pereira}, J. and
        {Pichon}, B. and {Piersimoni}, A.~M. and {Pineau}, F. -X. and
        {Plachy}, E. and {Plum}, G. and {Poujoulet}, E. and
        {Pr{\v{s}}a}, A. and {Pulone}, L. and {Ragaini}, S. and {Rago},
        S. and {Rambaux}, N. and {Ramos-Lerate}, M. and {Ranalli}, P.
        and {Rauw}, G. and {Read}, A. and {Regibo}, S. and {Renk}, F.
        and {Reyl{\'e}}, C. and {Ribeiro}, R.~A. and {Rimoldini}, L. and
        {Ripepi}, V. and {Riva}, A. and {Rixon}, G. and {Roelens}, M.
        and {Romero-G{\'o}mez}, M. and {Rowell}, N. and {Royer}, F. and
        {Rudolph}, A. and {Ruiz-Dern}, L. and {Sadowski}, G. and
        {Sagrist{\`a} Sell{\'e}s}, T. and {Sahlmann}, J. and {Salgado},
        J. and {Salguero}, E. and {Sarasso}, M. and {Savietto}, H. and
        {Schnorhk}, A. and {Schultheis}, M. and {Sciacca}, E. and
        {Segol}, M. and {Segovia}, J.~C. and {Segransan}, D. and
        {Serpell}, E. and {Shih}, I. -C. and {Smareglia}, R. and
        {Smart}, R.~L. and {Smith}, C. and {Solano}, E. and {Solitro},
        F. and {Sordo}, R. and {Soria Nieto}, S. and {Souchay}, J. and
        {Spagna}, A. and {Spoto}, F. and {Stampa}, U. and {Steele},
        I.~A. and {Steidelm{\"u}ller}, H. and {Stephenson}, C.~A. and
        {Stoev}, H. and {Suess}, F.~F. and {S{\"u}veges}, M. and
        {Surdej}, J. and {Szabados}, L. and {Szegedi-Elek}, E. and
        {Tapiador}, D. and {Taris}, F. and {Tauran}, G. and {Taylor},
        M.~B. and {Teixeira}, R. and {Terrett}, D. and {Tingley}, B. and
        {Trager}, S.~C. and {Turon}, C. and {Ulla}, A. and {Utrilla}, E.
        and {Valentini}, G. and {van Elteren}, A. and {Van Hemelryck},
        E. and {van Leeuwen}, M. and {Varadi}, M. and {Vecchiato}, A.
        and {Veljanoski}, J. and {Via}, T. and {Vicente}, D. and {Vogt},
        S. and {Voss}, H. and {Votruba}, V. and {Voutsinas}, S. and
        {Walmsley}, G. and {Weiler}, M. and {Weingrill}, K. and
        {Werner}, D. and {Wevers}, T. and {Whitehead}, G. and
        {Wyrzykowski}, {\L}. and {Yoldas}, A. and {{\v{Z}}erjal}, M. and
        {Zucker}, S. and {Zurbach}, C. and {Zwitter}, T. and {Alecu}, A.
        and {Allen}, M. and {Allende Prieto}, C. and {Amorim}, A. and
        {Anglada-Escud{\'e}}, G. and {Arsenijevic}, V. and {Azaz}, S.
        and {Balm}, P. and {Beck}, M. and {Bernstein}, H. -H. and
        {Bigot}, L. and {Bijaoui}, A. and {Blasco}, C. and {Bonfigli},
        M. and {Bono}, G. and {Boudreault}, S. and {Bressan}, A. and
        {Brown}, S. and {Brunet}, P. -M. and {Bunclark}, P. and
        {Buonanno}, R. and {Butkevich}, A.~G. and {Carret}, C. and
        {Carrion}, C. and {Chemin}, L. and {Ch{\'e}reau}, F. and
        {Corcione}, L. and {Darmigny}, E. and {de Boer}, K.~S. and {de
        Teodoro}, P. and {de Zeeuw}, P.~T. and {Delle Luche}, C. and
        {Domingues}, C.~D. and {Dubath}, P. and {Fodor}, F. and
        {Fr{\'e}zouls}, B. and {Fries}, A. and {Fustes}, D. and {Fyfe},
        D. and {Gallardo}, E. and {Gallegos}, J. and {Gardiol}, D. and
        {Gebran}, M. and {Gomboc}, A. and {G{\'o}mez}, A. and {Grux}, E.
        and {Gueguen}, A. and {Heyrovsky}, A. and {Hoar}, J. and
        {Iannicola}, G. and {Isasi Parache}, Y. and {Janotto}, A. -M.
        and {Joliet}, E. and {Jonckheere}, A. and {Keil}, R. and {Kim},
        D. -W. and {Klagyivik}, P. and {Klar}, J. and {Knude}, J. and
        {Kochukhov}, O. and {Kolka}, I. and {Kos}, J. and {Kutka}, A.
        and {Lainey}, V. and {LeBouquin}, D. and {Liu}, C. and
        {Loreggia}, D. and {Makarov}, V.~V. and {Marseille}, M.~G. and
        {Martayan}, C. and {Martinez-Rubi}, O. and {Massart}, B. and
        {Meynadier}, F. and {Mignot}, S. and {Munari}, U. and {Nguyen},
        A. -T. and {Nordlander}, T. and {Ocvirk}, P. and {O'Flaherty},
        K.~S. and {Olias Sanz}, A. and {Ortiz}, P. and {Osorio}, J. and
        {Oszkiewicz}, D. and {Ouzounis}, A. and {Palmer}, M. and {Park},
        P. and {Pasquato}, E. and {Peltzer}, C. and {Peralta}, J. and
        {P{\'e}turaud}, F. and {Pieniluoma}, T. and {Pigozzi}, E. and
        {Poels}, J. and {Prat}, G. and {Prod'homme}, T. and {Raison}, F.
        and {Rebordao}, J.~M. and {Risquez}, D. and {Rocca-Volmerange},
        B. and {Rosen}, S. and {Ruiz-Fuertes}, M.~I. and {Russo}, F. and
        {Sembay}, S. and {Serraller Vizcaino}, I. and {Short}, A. and
        {Siebert}, A. and {Silva}, H. and {Sinachopoulos}, D. and
        {Slezak}, E. and {Soffel}, M. and {Sosnowska}, D. and
        {Strai{\v{z}}ys}, V. and {ter Linden}, M. and {Terrell}, D. and
        {Theil}, S. and {Tiede}, C. and {Troisi}, L. and {Tsalmantza},
        P. and {Tur}, D. and {Vaccari}, M. and {Vachier}, F. and
        {Valles}, P. and {Van Hamme}, W. and {Veltz}, L. and {Virtanen},
        J. and {Wallut}, J. -M. and {Wichmann}, R. and {Wilkinson},
        M.~I. and {Ziaeepour}, H. and {Zschocke}, S.},
        title = "{The Gaia mission}",
      journal = {\aap},
     keywords = {space vehicles: instruments, Galaxy: structure, astrometry, parallaxes,
        proper motions, telescopes, Astrophysics - Instrumentation and
        Methods for Astrophysics},
         year = 2016,
        month = Nov,
       volume = {595},
          eid = {A1},
        pages = {A1},
          doi = {10.1051/0004-6361/201629272},
 primaryClass = {astro-ph.IM},
       adsurl = {https://ui.adsabs.harvard.edu/#abs/2016A&A...595A...1G},
      adsnote = {Provided by the SAO/NASA Astrophysics Data System}
}

@ARTICLE{gaia2018,
       author = {{Lindegren}, L. and {Hern{\'a}ndez}, J. and {Bombrun}, A. and {Klioner},
        S. and {Bastian}, U. and {Ramos-Lerate}, M. and {de Torres}, A.
        and {Steidelm{\"u}ller}, H. and {Stephenson}, C. and {Hobbs}, D.
        and {Lammers}, U. and {Biermann}, M. and {Geyer}, R. and
        {Hilger}, T. and {Michalik}, D. and {Stampa}, U. and {McMillan},
        P.~J. and {Casta{\~n}eda}, J. and {Clotet}, M. and {Comoretto},
        G. and {Davidson}, M. and {Fabricius}, C. and {Gracia}, G. and
        {Hambly}, N.~C. and {Hutton}, A. and {Mora}, A. and {Portell},
        J. and {van Leeuwen}, F. and {Abbas}, U. and {Abreu}, A. and
        {Altmann}, M. and {Andrei}, A. and {Anglada}, E. and
        {Balaguer-N{\'u}{\~n}ez}, L. and {Barache}, C. and {Becciani},
        U. and {Bertone}, S. and {Bianchi}, L. and {Bouquillon}, S. and
        {Bourda}, G. and {Br{\"u}semeister}, T. and {Bucciarelli}, B.
        and {Busonero}, D. and {Buzzi}, R. and {Cancelliere}, R. and
        {Carlucci}, T. and {Charlot}, P. and {Cheek}, N. and {Crosta},
        M. and {Crowley}, C. and {de Bruijne}, J. and {de Felice}, F.
        and {Drimmel}, R. and {Esquej}, P. and {Fienga}, A. and
        {Fraile}, E. and {Gai}, M. and {Garralda}, N. and {Gonz{\'a}lez-
        Vidal}, J.~J. and {Guerra}, R. and {Hauser}, M. and {Hofmann},
        W. and {Holl}, B. and {Jordan}, S. and {Lattanzi}, M.~G. and
        {Lenhardt}, H. and {Liao}, S. and {Licata}, E. and {Lister}, T.
        and {L{\"o}ffler}, W. and {Marchant}, J. and {Martin-Fleitas},
        J. -M. and {Messineo}, R. and {Mignard}, F. and {Morbidelli}, R.
        and {Poggio}, E. and {Riva}, A. and {Rowell}, N. and {Salguero},
        E. and {Sarasso}, M. and {Sciacca}, E. and {Siddiqui}, H. and
        {Smart}, R.~L. and {Spagna}, A. and {Steele}, I. and {Taris}, F.
        and {Torra}, J. and {van Elteren}, A. and {van Reeven}, W. and
        {Vecchiato}, A.},
        title = "{Gaia Data Release 2. The astrometric solution}",
      journal = {\aap},
     keywords = {astrometry, parallaxes, proper motions, methods: data analysis, space
        vehicles: instruments, reference systems, Astrophysics -
        Instrumentation and Methods for Astrophysics},
         year = 2018,
        month = Aug,
       volume = {616},
          eid = {A2},
        pages = {A2},
          doi = {10.1051/0004-6361/201832727},
 primaryClass = {astro-ph.IM},
       adsurl = {https://ui.adsabs.harvard.edu/#abs/2018A&A...616A...2L},
      adsnote = {Provided by the SAO/NASA Astrophysics Data System}
}



@ARTICLE{Gao2016,
       author = {{Gao}, Peter and {Plavchan}, P. and {Gagn{\'e}}, J. and {Furlan}, E. and
        {Bottom}, M. and {Anglada-Escud{\'e}}, G. and {White}, R. and
        {Davison}, C.~L. and {Beichman}, C. and {Brinkworth}, C. and
        {Johnson}, J. and {Ciardi}, D. and {Wallace}, K. and
        {Mennesson}, B. and {von Braun}, K. and {Vasisht}, G. and
        {Prato}, L. and {Kane}, S.~R. and {Tanner}, A. and {Crawford},
        T.~J. and {Latham}, D. and {Rougeot}, R. and {Geneser}, C.~S.
        and {Catanzarite}, J.},
        title = "{Retrieval of Precise Radial Velocities from Near-infrared High-
        resolution Spectra of Low-mass Stars}",
      journal = {Publications of the Astronomical Society of the Pacific},
     keywords = {Astrophysics - Instrumentation and Methods for Astrophysics},
         year = 2016,
        month = Oct,
       volume = {128},
        pages = {104501},
          doi = {10.1088/1538-3873/128/968/104501},
       adsurl = {https://ui.adsabs.harvard.edu/#abs/2016PASP..128j4501G},
      adsnote = {Provided by the SAO/NASA Astrophysics Data System}
}




@INPROCEEDINGS{Halverson2016,
       author = {{Halverson}, Samuel and {Terrien}, Ryan and {Mahadevan}, Suvrath and
        {Roy}, Arpita and {Bender}, Chad and {Stef{\'a}nsson}, Gudmundur
        K. and {Monson}, Andrew and {Levi}, Eric and {Hearty}, Fred and
        {Blake}, Cullen and {McElwain}, Michael and {Schwab}, Christian
        and {Ramsey}, Lawrence and {Wright}, Jason and {Wang}, Sharon
        and {Gong}, Qian and {Roberston}, Paul},
        title = "{A comprehensive radial velocity error budget for next generation Doppler
        spectrometers}",
     keywords = {Astrophysics - Instrumentation and Methods for Astrophysics,
        Astrophysics - Earth and Planetary Astrophysics},
    booktitle = {Ground-based and Airborne Instrumentation for Astronomy VI},
         year = 2016,
       volume = {9908},
        month = Aug,
          eid = {99086P},
        pages = {99086P},
          doi = {10.1117/12.2232761},
       adsurl = {https://ui.adsabs.harvard.edu/#abs/2016SPIE.9908E..6PH},
      adsnote = {Provided by the SAO/NASA Astrophysics Data System}
}

@ARTICLE{Husser2013,
   author = {{Husser}, T.-O. and {Wende-von Berg}, S. and {Dreizler}, S. and
	{Homeier}, D. and {Reiners}, A. and {Barman}, T. and {Hauschildt}, P.~H.
	},
    title = "{A new extensive library of PHOENIX stellar atmospheres and synthetic spectra}",
  journal = {\aap},
archivePrefix = "arXiv",
   eprint = {1303.5632},
 primaryClass = "astro-ph.SR",
 keywords = {stars: atmospheres, convection, stars: late-type},
     year = 2013,
    month = may,
   volume = 553,
      eid = {A6},
    pages = {A6},
      doi = {10.1051/0004-6361/201219058},
   adsurl = {http://adsabs.harvard.edu/abs/2013A%26A...553A...6H},
  adsnote = {Provided by the SAO/NASA Astrophysics Data System}
}

@ARTICLE{Kurster2003,
       author = {{K{\"u}rster}, M. and {Endl}, M. and {Rouesnel}, F. and {Els}, S. and
        {Kaufer}, A. and {Brillant}, S. and {Hatzes}, A.~P. and {Saar},
        S.~H. and {Cochran}, W.~D.},
        title = "{The low-level radial velocity variability   in Barnard's star (= GJ
        699).  Secular acceleration, indications for convective
        redshift,  and planet mass limits}",
      journal = {\aap},
     keywords = {techniques: radial velocities, stars: kinematics, stars: planetary
        systems, stars: activity, Astrophysics},
         year = 2003,
        month = Jun,
       volume = {403},
        pages = {1077-1087},
          doi = {10.1051/0004-6361:20030396},
archivePrefix = {arXiv},
       eprint = {astro-ph/0303528},
 primaryClass = {astro-ph},
       adsurl = {https://ui.adsabs.harvard.edu/#abs/2003A&A...403.1077K},
      adsnote = {Provided by the SAO/NASA Astrophysics Data System}
}

@ARTICLE{LoCurto2015,
       author = {{Lo Curto}, G. and {Pepe}, F. and {Avila}, G. and {Boffin}, H. and
        {Bovay}, S. and {Chazelas}, B. and {Coffinet}, A. and {Fleury},
        M. and {Hughes}, I. and {Lovis}, C. and {Maire}, C. and
        {Manescau}, A. and {Pasquini}, L. and {Rihs}, S. and
        {Sinclaire}, P. and {Udry}, S.},
        title = "{HARPS Gets New Fibres After 12 Years of Operations}",
      journal = {The Messenger},
         year = 2015,
        month = Dec,
       volume = {162},
        pages = {9-15},
       adsurl = {https://ui.adsabs.harvard.edu/\#abs/2015Msngr.162....9L},
      adsnote = {Provided by the SAO/NASA Astrophysics Data System}
}



@ARTICLE{Luger2018,
       author = {{Luger}, Rodrigo and {Agol}, Eric and {Foreman-Mackey}, Daniel and
        {Fleming}, David P. and {Lustig-Yaeger}, Jacob and {Deitrick},
        Russell},
        title = "{STARRY: Analytic Occultation Light Curves}",
      journal = {ArXiv e-prints},
     keywords = {Astrophysics - Instrumentation and Methods for Astrophysics,
        Astrophysics - Earth and Planetary Astrophysics, Astrophysics -
        Solar and Stellar Astrophysics},
         year = 2018,
        month = Oct,
          eid = {arXiv:1810.06559},
        pages = {arXiv:1810.06559},
archivePrefix = {arXiv},
       eprint = {1810.06559},
 primaryClass = {astro-ph.IM},
       adsurl = {https://ui.adsabs.harvard.edu/#abs/2018arXiv181006559L},
      adsnote = {Provided by the SAO/NASA Astrophysics Data System}
}

@ARTICLE{LugerBedell2019,
       author = {{Luger}, Rodrigo and {Bedell}, Megan},
      journal = {},
         year = {in prep.},
        month = {}
}

@ARTICLE{Martins2015,
       author = {{Martins}, J.~H.~C. and {Santos}, N.~C. and {Figueira}, P. and {Faria},
        J.~P. and {Montalto}, M. and {Boisse}, I. and {Ehrenreich}, D.
        and {Lovis}, C. and {Mayor}, M. and {Melo}, C. and {Pepe}, F.
        and {Sousa}, S.~G. and {Udry}, S. and {Cunha}, D.},
        title = "{Evidence for a spectroscopic direct detection of reflected light from
        <ASTROBJ>51 Pegasi b</ASTROBJ>}",
      journal = {\aap},
     keywords = {planetary systems, planets and satellites: detection, techniques:
        spectroscopic, techniques: radial velocities, Astrophysics -
        Earth and Planetary Astrophysics},
         year = 2015,
        month = Apr,
       volume = {576},
          eid = {A134},
        pages = {A134},
          doi = {10.1051/0004-6361/201425298},
 primaryClass = {astro-ph.EP},
       adsurl = {https://ui.adsabs.harvard.edu/#abs/2015A&A...576A.134M},
      adsnote = {Provided by the SAO/NASA Astrophysics Data System}
}

@ARTICLE{Mayor1995,
       author = {{Mayor}, Michel and {Queloz}, Didier},
        title = "{A Jupiter-mass companion to a solar-type star}",
      journal = {\nat},
         year = 1995,
        month = Nov,
       volume = {378},
        pages = {355-359},
          doi = {10.1038/378355a0},
       adsurl = {https://ui.adsabs.harvard.edu/#abs/1995Natur.378..355M},
      adsnote = {Provided by the SAO/NASA Astrophysics Data System}
}

@ARTICLE{Mayor2003,
       author = {{Mayor}, M. and {Pepe}, F. and {Queloz}, D. and {Bouchy}, F. and
        {Rupprecht}, G. and {Lo Curto}, G. and {Avila}, G. and {Benz},
        W. and {Bertaux}, J. -L. and {Bonfils}, X. and {Dall}, Th. and
        {Dekker}, H. and {Delabre}, B. and {Eckert}, W. and {Fleury}, M.
        and {Gilliotte}, A. and {Gojak}, D. and {Guzman}, J.~C. and
        {Kohler}, D. and {Lizon}, J. -L. and {Longinotti}, A. and
        {Lovis}, C. and {Megevand}, D. and {Pasquini}, L. and {Reyes},
        J. and {Sivan}, J. -P. and {Sosnowska}, D. and {Soto}, R. and
        {Udry}, S. and {van Kesteren}, A. and {Weber}, L. and
        {Weilenmann}, U.},
        title = "{Setting New Standards with HARPS}",
      journal = {The Messenger},
         year = 2003,
        month = Dec,
       volume = {114},
        pages = {20-24},
       adsurl = {https://ui.adsabs.harvard.edu/#abs/2003Msngr.114...20M},
      adsnote = {Provided by the SAO/NASA Astrophysics Data System}
}

@ARTICLE{Montet2014,
       author = {{Montet}, Benjamin T. and {Crepp}, Justin R. and {Johnson}, John Asher
        and {Howard}, Andrew W. and {Marcy}, Geoffrey W.},
        title = "{The TRENDS High-contrast Imaging Survey. IV. The Occurrence Rate of
        Giant Planets around M Dwarfs}",
      journal = {\apj},
     keywords = {methods: observational, planets and satellites: detection, planets and
        satellites: fundamental parameters, techniques: high angular
        resolution, techniques: radial velocities, Astrophysics - Earth
        and Planetary Astrophysics},
         year = 2014,
        month = Jan,
       volume = {781},
          eid = {28},
        pages = {28},
          doi = {10.1088/0004-637X/781/1/28},
archivePrefix = {arXiv},
       eprint = {1307.5849},
 primaryClass = {astro-ph.EP},
       adsurl = {https://ui.adsabs.harvard.edu/#abs/2014ApJ...781...28M},
      adsnote = {Provided by the SAO/NASA Astrophysics Data System}
}

@ARTICLE{Naef2004,
   author = {{Naef}, D. and {Mayor}, M. and {Beuzit}, J.~L. and {Perrier}, C. and 
	{Queloz}, D. and {Sivan}, J.~P. and {Udry}, S.},
    title = "{The ELODIE survey for northern extra-solar planets. III. Three planetary candidates detected with ELODIE}",
  journal = {\aap},
   eprint = {astro-ph/0310261},
 keywords = {techniques: radial velocities, planetary systems},
     year = 2004,
    month = jan,
   volume = 414,
    pages = {351-359},
      doi = {10.1051/0004-6361:20034091},
   adsurl = {http://adsabs.harvard.edu/abs/2004A%26A...414..351N},
  adsnote = {Provided by the SAO/NASA Astrophysics Data System}
}

@ARTICLE{Pepe2002,
       author = {{Pepe}, F. and {Mayor}, M. and {Galland}, F. and {Naef}, D. and
        {Queloz}, D. and {Santos}, N.~C. and {Udry}, S. and {Burnet}, M.},
        title = "{The CORALIE survey for southern extra-solar planets VII. Two short-
        period Saturnian companions to <ASTROBJ>HD 108147</ASTROBJ> and
        <ASTROBJ>HD 168746</ASTROBJ>}",
      journal = {\aap},
     keywords = {techniques: radial velocities, stars: individual: HD 108147, stars:
        individual: HD 168746, Astrophysics},
         year = 2002,
        month = Jun,
       volume = {388},
        pages = {632-638},
          doi = {10.1051/0004-6361:20020433},
archivePrefix = {arXiv},
       eprint = {astro-ph/0202457},
 primaryClass = {astro-ph},
       adsurl = {https://ui.adsabs.harvard.edu/#abs/2002A&A...388..632P},
      adsnote = {Provided by the SAO/NASA Astrophysics Data System}
}

@ARTICLE{Queloz2000,
       author = {{Queloz}, D. and {Eggenberger}, A. and {Mayor}, M. and {Perrier}, C. and
        {Beuzit}, J.~L. and {Naef}, D. and {Sivan}, J.~P. and {Udry}, S.},
        title = "{Detection of a spectroscopic transit by the planet orbiting the star
        HD209458}",
      journal = {\aap},
     keywords = {STARS: BINARIES: SPECTROSCOPIC, STARS: BINARIES: ECLIPSING, STARS:
        INDIVIDUAL: HD209458, STARS: PLANETARY SYSTEMS, Astrophysics},
         year = 2000,
        month = Jul,
       volume = {359},
        pages = {L13-L17},
archivePrefix = {arXiv},
       eprint = {astro-ph/0006213},
 primaryClass = {astro-ph},
       adsurl = {https://ui.adsabs.harvard.edu/#abs/2000A&A...359L..13Q},
      adsnote = {Provided by the SAO/NASA Astrophysics Data System}
}

@ARTICLE{Queloz2001,
       author = {{Queloz}, D. and {Henry}, G.~W. and {Sivan}, J.~P. and {Baliunas}, S.~L.
        and {Beuzit}, J.~L. and {Donahue}, R.~A. and {Mayor}, M. and
        {Naef}, D. and {Perrier}, C. and {Udry}, S.},
        title = "{No planet for HD 166435}",
      journal = {\aap},
     keywords = {STARS: ACTIVITY, INDIVIDUAL: HD 166435, PLANETARY SYSTEMS, Astrophysics},
         year = 2001,
        month = Nov,
       volume = {379},
        pages = {279-287},
          doi = {10.1051/0004-6361:20011308},
archivePrefix = {arXiv},
       eprint = {astro-ph/0109491},
 primaryClass = {astro-ph},
       adsurl = {https://ui.adsabs.harvard.edu/\#abs/2001A&A...379..279Q},
      adsnote = {Provided by the SAO/NASA Astrophysics Data System}
}



@ARTICLE{Sato2002,
       author = {{Sato}, Bun'ei and {Kambe}, Eiji and {Takeda}, Yoichi and {Izumiura},
        Hideyuki and {Ando}, Hiroyasu},
        title = "{Development of Iodine Cells for the Subaru HDS and the Okayama HIDES:
        II. New Software for Precise Radial Velocity Measurements}",
      journal = {Publications of the Astronomical Society of Japan},
     keywords = {instrumentation: spectrographs, stars: individual (16 Cyg B, tauri Cet,
        upsilon And), stars: oscillations, stars: planetary systems,
        techniques: radial velocities},
         year = 2002,
        month = Dec,
       volume = {54},
        pages = {873-882},
          doi = {10.1093/pasj/54.6.873},
       adsurl = {https://ui.adsabs.harvard.edu/#abs/2002PASJ...54..873S},
      adsnote = {Provided by the SAO/NASA Astrophysics Data System}
}



@ARTICLE{Seifahrt2010,
       author = {{Seifahrt}, A. and {K{\"a}ufl}, H.~U. and {Z{\"a}ngl}, G. and {Bean},
        J.~L. and {Richter}, M.~J. and {Siebenmorgen}, R.},
        title = "{Synthesising, using, and correcting for telluric features in high-
        resolution astronomical spectra . A near-infrared case study
        using CRIRES}",
      journal = {\aap},
     keywords = {atmospheric effects, instrumentation: adaptive optics, instrumentation:
        spectrographs, methods: observational, methods: data analysis,
        Astrophysics - Instrumentation and Methods for Astrophysics,
        Astrophysics - Earth and Planetary Astrophysics, Physics -
        Atmospheric and Oceanic Physics},
         year = 2010,
        month = Dec,
       volume = {524},
          eid = {A11},
        pages = {A11},
          doi = {10.1051/0004-6361/200913782},
archivePrefix = {arXiv},
       eprint = {1008.3419},
       adsurl = {https://ui.adsabs.harvard.edu/#abs/2010A&A...524A..11S},
      adsnote = {Provided by the SAO/NASA Astrophysics Data System}
}

@ARTICLE{Short2018,
   author = {{Short}, D.~R. and {Orosz}, J.~A. and {Windmiller}, G. and {Welsh}, W.~F.
	},
    title = "{Accurate Computation of Light Curves and the Rossiter{\ndash}McLaughlin Effect in Multibody Eclipsing Systems}",
  journal = {\aj},
archivePrefix = "arXiv",
   eprint = {1810.09565},
 primaryClass = "astro-ph.IM",
 keywords = {binaries: eclipsing, methods: analytical, methods: numerical, planets and satellites: fundamental parameters },
     year = 2018,
    month = dec,
   volume = 156,
      eid = {297},
    pages = {297},
      doi = {10.3847/1538-3881/aae889},
   adsurl = {http://adsabs.harvard.edu/abs/2018AJ....156..297S},
  adsnote = {Provided by the SAO/NASA Astrophysics Data System}
}


@ARTICLE{Simon1994,
       author = {{Simon}, K.~P. and {Sturm}, E. and {Fiedler}, A.},
        title = "{Spectroscopic analysis of hot binaries. II. The components of Y Cygni.}",
      journal = {\aap},
     keywords = {Early Stars, Eclipsing Binary Stars, Spectroscopic Analysis, Stellar
        Atmospheres, Stellar Evolution, Stellar Models, Stellar Orbits,
        Stellar Spectra, Astronomical Spectroscopy, Charge Coupled
        Devices, Helium, Hydrogen, Light Curve, Reflecting Telescopes,
        Spectrographs, Astrophysics, STARS: EARLY TYPE, STARS:
        ATMOSPHERES, STARS: FUNDAMENTAL PARAMETERS, BINARIES: GENERAL,
        BINARIES: SPECTROSCOPIC, Y CYGNI},
         year = 1994,
        month = Dec,
       volume = {292},
        pages = {507-518},
       adsurl = {https://ui.adsabs.harvard.edu/#abs/1994A&A...292..507S},
      adsnote = {Provided by the SAO/NASA Astrophysics Data System}
}

@ARTICLE{Ribas2018,
       author = {{Ribas}, I. and {Tuomi}, M. and {Reiners}, A. and {Butler}, R.~P. and
        {Morales}, J.~C. and {Perger}, M. and {Dreizler}, S. and
        {Rodr{\'\i}guez-L{\'o}pez}, C. and {Gonz{\'a}lez Hern{\'a}ndez},
        J.~I. and {Rosich}, A. and {Feng}, F. and {Trifonov}, T. and
        {Vogt}, S.~S. and {Caballero}, J.~A. and {Hatzes}, A. and
        {Herrero}, E. and {Jeffers}, S.~V. and {Lafarga}, M. and
        {Murgas}, F. and {Nelson}, R.~P. and {Rodr{\'\i}guez}, E. and
        {Strachan}, J.~B.~P. and {Tal-Or}, L. and {Teske}, J. and
        {Toledo-Padr{\'o}n}, B. and {Zechmeister}, M. and {Quirrenbach},
        A. and {Amado}, P.~J. and {Azzaro}, M. and {B{\'e}jar}, V.~J.~S.
        and {Barnes}, J.~R. and {Berdi{\~n}as}, Z.~M. and {Burt}, J. and
        {Coleman}, G. and {Cort{\'e}s-Contreras}, M. and {Crane}, J. and
        {Engle}, S.~G. and {Guinan}, E.~F. and {Haswell}, C.~A. and
        {Henning}, Th. and {Holden}, B. and {Jenkins}, J. and {Jones},
        H.~R.~A. and {Kaminski}, A. and {Kiraga}, M. and {K{\"u}rster},
        M. and {Lee}, M.~H. and {L{\'o}pez-Gonz{\'a}lez}, M.~J. and
        {Montes}, D. and {Morin}, J. and {Ofir}, A. and {Pall{\'e}}, E.
        and {Rebolo}, R. and {Reffert}, S. and {Schweitzer}, A. and
        {Seifert}, W. and {Shectman}, S.~A. and {Staab}, D. and
        {Street}, R.~A. and {Su{\'a}rez Mascare{\~n}o}, A. and
        {Tsapras}, Y. and {Wang}, S.~X. and {Anglada-Escud{\'e}}, G.},
        title = "{A candidate super-Earth planet orbiting near the snow line of Barnard's
        star}",
      journal = {\nat},
         year = 2018,
        month = Nov,
       volume = {563},
        pages = {365-368},
          doi = {10.1038/s41586-018-0677-y},
       adsurl = {https://ui.adsabs.harvard.edu/#abs/2018Natur.563..365R},
      adsnote = {Provided by the SAO/NASA Astrophysics Data System}
}



@ARTICLE{Winn2005,
       author = {{Winn}, Joshua N. and {Noyes}, Robert W. and {Holman}, Matthew J. and
        {Charbonneau}, David and {Ohta}, Yasuhiro and {Taruya}, Atsushi
        and {Suto}, Yasushi and {Narita}, Norio and {Turner}, Edwin L.
        and {Johnson}, John A. and {Marcy}, Geoffrey W. and {Butler}, R.
        Paul and {Vogt}, Steven S.},
        title = "{Measurement of Spin-Orbit Alignment in an Extrasolar Planetary System}",
      journal = {\apj},
     keywords = {Stars: Planetary Systems, Stars: Planetary Systems: Formation, Stars:
        Individual: Henry Draper Number: HD 209458, Stars: Rotation,
        Astrophysics},
         year = 2005,
        month = Oct,
       volume = {631},
        pages = {1215-1226},
          doi = {10.1086/432571},
archivePrefix = {arXiv},
       eprint = {astro-ph/0504555},
 primaryClass = {astro-ph},
       adsurl = {https://ui.adsabs.harvard.edu/#abs/2005ApJ...631.1215W},
      adsnote = {Provided by the SAO/NASA Astrophysics Data System}
}

@ARTICLE{Wright2017,
   author = {{Wright}, J.~T. and {Robertson}, P.},
    title = "{The Third Workshop on Extremely Precise Radial Velocities: The New Instruments}",
  journal = {Research Notes of the American Astronomical Society},
archivePrefix = "arXiv",
   eprint = {1801.05383},
 primaryClass = "astro-ph.IM",
     year = 2017,
    month = dec,
   volume = 1,
   number = 1,
      eid = {51},
    pages = {51},
      doi = {10.3847/2515-5172/aaa12e},
   adsurl = {http://adsabs.harvard.edu/abs/2017RNAAS...1a..51W},
  adsnote = {Provided by the SAO/NASA Astrophysics Data System}
}

@ARTICLE{Vogt2014,
       author = {{Vogt}, Steven S. and {Radovan}, Matthew and {Kibrick}, Robert and
        {Butler}, R. Paul and {Alcott}, Barry and {Allen}, Steve and
        {Arriagada}, Pamela and {Bolte}, Mike and {Burt}, Jennifer and
        {Cabak}, Jerry and {Chloros}, Kostas and {Cowley}, David and
        {Deich}, William and {Dupraw}, Brian and {Earthman}, Wayne and
        {Epps}, Harland and {Faber}, Sandra and {Fischer}, Debra and
        {Gates}, Elinor and {Hilyard}, David and {Holden}, Brad and
        {Johnston}, Ken and {Keiser}, Sandy and {Kanto}, Dick and
        {Katsuki}, Myra and {Laiterman}, Lee and {Lanclos}, Kyle and
        {Laughlin}, Greg and {Lewis}, Jeff and {Lockwood}, Chris and
        {Lynam}, Paul and {Marcy}, Geoffrey and {McLean}, Maureen and
        {Miller}, Joe and {Misch}, Tony and {Peck}, Michael and
        {Pfister}, Terry and {Phillips}, Andrew and {Rivera}, Eugenio
        and {Sandford}, Dale and {Saylor}, Mike and {Stover}, Richard
        and {Thompson}, Matthew and {Walp}, Bernie and {Ward}, James and
        {Wareham}, John and {Wei}, Mingzhi and {Wright}, Chris},
        title = "{APF{\textemdash}The Lick Observatory Automated Planet Finder}",
      journal = {Publications of the Astronomical Society of the Pacific},
     keywords = {Astrophysics - Instrumentation and Methods for Astrophysics},
         year = 2014,
        month = Apr,
       volume = {126},
        pages = {359},
          doi = {10.1086/676120},
archivePrefix = {arXiv},
       eprint = {1402.6684},
 primaryClass = {astro-ph.IM},
       adsurl = {https://ui.adsabs.harvard.edu/\#abs/2014PASP..126..359V},
      adsnote = {Provided by the SAO/NASA Astrophysics Data System}
}



@ARTICLE{Zechmeister2018,
       author = {{Zechmeister}, M. and {Reiners}, A. and {Amado}, P.~J. and {Azzaro}, M.
        and {Bauer}, F.~F. and {B{\'e}jar}, V.~J.~S. and {Caballero},
        J.~A. and {Guenther}, E.~W. and {Hagen}, H. -J. and {Jeffers},
        S.~V. and {Kaminski}, A. and {K{\"u}rster}, M. and {Launhardt},
        R. and {Montes}, D. and {Morales}, J.~C. and {Quirrenbach}, A.
        and {Reffert}, S. and {Ribas}, I. and {Seifert}, W. and {Tal-
        Or}, L. and {Wolthoff}, V.},
        title = "{Spectrum radial velocity analyser (SERVAL). High-precision radial
        velocities and two alternative spectral indicators}",
      journal = {\aap},
     keywords = {methods: data analysis, techniques: radial velocities, techniques:
        spectroscopic, planets and satellites: detection, Astrophysics -
        Instrumentation and Methods for Astrophysics, Astrophysics -
        Earth and Planetary Astrophysics, Astrophysics - Solar and
        Stellar Astrophysics},
         year = 2018,
        month = Jan,
       volume = {609},
          eid = {A12},
        pages = {A12},
          doi = {10.1051/0004-6361/201731483},
 primaryClass = {astro-ph.IM},
       adsurl = {https://ui.adsabs.harvard.edu/#abs/2018A&A...609A..12Z},
      adsnote = {Provided by the SAO/NASA Astrophysics Data System}
}



@article{HITRAN2016,
title = "The HITRAN2016 molecular spectroscopic database",
journal = "Journal of Quantitative Spectroscopy and Radiative Transfer",
volume = "203",
pages = "3 - 69",
year = "2017",
note = "HITRAN2016 Special Issue",
issn = "0022-4073",
doi = "https://doi.org/10.1016/j.jqsrt.2017.06.038",
url = "http://www.sciencedirect.com/science/article/pii/S0022407317301073",
author = "I.E. Gordon and L.S. Rothman and C. Hill and R.V. Kochanov and Y. Tan and P.F. Bernath and M. Birk and V. Boudon and A. Campargue and K.V. Chance and B.J. Drouin and J.-M. Flaud and R.R. Gamache and J.T. Hodges and D. Jacquemart and V.I. Perevalov and A. Perrin and K.P. Shine and M.-A.H. Smith and J. Tennyson and G.C. Toon and H. Tran and V.G. Tyuterev and A. Barbe and A.G. Császár and V.M. Devi and T. Furtenbacher and J.J. Harrison and J.-M. Hartmann and A. Jolly and T.J. Johnson and T. Karman and I. Kleiner and A.A. Kyuberis and J. Loos and O.M. Lyulin and S.T. Massie and S.N. Mikhailenko and N. Moazzen-Ahmadi and H.S.P. Müller and O.V. Naumenko and A.V. Nikitin and O.L. Polyansky and M. Rey and M. Rotger and S.W. Sharpe and K. Sung and E. Starikova and S.A. Tashkun and J. Vander Auwera and G. Wagner and J. Wilzewski and P. Wcisło and S. Yu and E.J. Zak",
keywords = "HITRAN, Spectroscopic database, Molecular spectroscopy, Molecular absorption, Spectroscopic line parameters, Absorption cross-sections, Collision-induced absorption, Aerosols"
}

@article{Astropy13,
   author = {{Astropy Collaboration} and {Robitaille}, T.~P. and {Tollerud},
             E.~J. and {Greenfield}, P. and {Droettboom}, M. and {Bray}, E. and
             {Aldcroft}, T. and {Davis}, M. and {Ginsburg}, A. and
             {Price-Whelan}, A.~M. and {Kerzendorf}, W.~E. and {Conley}, A. and
             {Crighton}, N. and {Barbary}, K. and {Muna}, D. and {Ferguson}, H.
             and {Grollier}, F. and {Parikh}, M.~M. and {Nair}, P.~H. and
             {Unther}, H.~M. and {Deil}, C. and {Woillez}, J. and {Conseil}, S.
             and {Kramer}, R. and {Turner}, J.~E.~H. and {Singer}, L. and
             {Fox}, R. and {Weaver}, B.~A. and {Zabalza}, V. and {Edwards},
             Z.~I. and {Azalee Bostroem}, K. and {Burke}, D.~J. and {Casey},
             A.~R. and {Crawford}, S.~M. and {Dencheva}, N. and {Ely}, J. and
             {Jenness}, T. and {Labrie}, K. and {Lim}, P.~L. and
             {Pierfederici}, F. and {Pontzen}, A. and {Ptak}, A. and {Refsdal},
             B. and {Servillat}, M. and {Streicher}, O.},
    title = "{Astropy: A community Python package for astronomy}",
  journal = {\aap},
     year = 2013,
    month = oct,
   volume = 558,
    pages = {A33},
      doi = {10.1051/0004-6361/201322068},
   adsurl = {http://adsabs.harvard.edu/abs/2013A%26A...558A..33A},
  adsnote = {Provided by the SAO/NASA Astrophysics Data System}
}
@article{Astropy18,
   author = {{Astropy Collaboration} and {Price-Whelan}, A.~M. and
             {Sip{\H o}cz}, B.~M. and {G{\"u}nther}, H.~M. and {Lim}, P.~L. and
             {Crawford}, S.~M. and {Conseil}, S. and {Shupe}, D.~L. and
             {Craig}, M.~W. and {Dencheva}, N. and {Ginsburg}, A. and
             {VanderPlas}, J.~T. and {Bradley}, L.~D. and
             {P{\'e}rez-Su{\'a}rez}, D. and {de Val-Borro}, M.
             and {Aldcroft}, T.~L. and {Cruz}, K.~L. and {Robitaille}, T.~P.
             and {Tollerud}, E.~J. and {Ardelean}, C. and {Babej}, T. and
             {Bach}, Y.~P. and {Bachetti}, M. and {Bakanov}, A.~V. and
             {Bamford}, S.~P. and {Barentsen}, G. and {Barmby}, P. and
             {Baumbach}, A. and {Berry}, K.~L.  and {Biscani}, F. and
             {Boquien}, M. and {Bostroem}, K.~A. and {Bouma}, L.~G. and
             {Brammer}, G.~B. and {Bray}, E.~M. and {Breytenbach}, H. and
             {Buddelmeijer}, H. and {Burke}, D.~J. and {Calderone}, G. and
             {Cano Rodr{\'{\i}}guez}, J.~L. and {Cara}, M. and {Cardoso},
             J.~V.~M. and {Cheedella}, S. and {Copin}, Y. and {Corrales}, L.
             and {Crichton}, D. and {D'Avella}, D. and {Deil}, C. and
             {Depagne}, {\'E}. and {Dietrich}, J.~P. and {Donath}, A. and
             {Droettboom}, M. and {Earl}, N. and {Erben}, T. and {Fabbro}, S.
             and {Ferreira}, L.~A. and {Finethy}, T. and {Fox}, R.~T. and
             {Garrison}, L.~H. and {Gibbons}, S.~L.~J. and {Goldstein}, D.~A.
             and {Gommers}, R. and {Greco}, J.~P. and {Greenfield}, P. and
             {Groener}, A.~M. and {Grollier}, F. and {Hagen}, A. and {Hirst},
             P. and {Homeier}, D. and {Horton}, A.~J. and {Hosseinzadeh}, G.
             and {Hu}, L. and {Hunkeler}, J.~S. and {Ivezi{\'c}}, {\v Z}. and
             {Jain}, A. and {Jenness}, T. and {Kanarek}, G. and {Kendrew}, S.
             and {Kern}, N.~S. and {Kerzendorf}, W.~E. and {Khvalko}, A. and
             {King}, J. and {Kirkby}, D. and {Kulkarni}, A.~M. and {Kumar}, A.
             and {Lee}, A.  and {Lenz}, D.  and {Littlefair}, S.~P. and {Ma},
             Z. and {Macleod}, D.~M. and {Mastropietro}, M. and {McCully}, C.
             and {Montagnac}, S. and {Morris}, B.~M. and {Mueller}, M. and
             {Mumford}, S.~J. and {Muna}, D. and {Murphy}, N.~A. and {Nelson},
             S. and {Nguyen}, G.~H. and {Ninan}, J.~P. and {N{\"o}the}, M. and
             {Ogaz}, S. and {Oh}, S. and {Parejko}, J.~K.  and {Parley}, N. and
             {Pascual}, S. and {Patil}, R. and {Patil}, A.~A.  and {Plunkett},
             A.~L. and {Prochaska}, J.~X. and {Rastogi}, T. and {Reddy Janga},
             V. and {Sabater}, J.  and {Sakurikar}, P. and {Seifert}, M. and
             {Sherbert}, L.~E. and {Sherwood-Taylor}, H. and {Shih}, A.~Y. and
             {Sick}, J. and {Silbiger}, M.~T. and {Singanamalla}, S. and
             {Singer}, L.~P. and {Sladen}, P.~H. and {Sooley}, K.~A. and
             {Sornarajah}, S. and {Streicher}, O. and {Teuben}, P. and
             {Thomas}, S.~W. and {Tremblay}, G.~R. and {Turner}, J.~E.~H. and
             {Terr{\'o}n}, V.  and {van Kerkwijk}, M.~H. and {de la Vega}, A.
             and {Watkins}, L.~L. and {Weaver}, B.~A. and {Whitmore}, J.~B. and
             {Woillez}, J.  and {Zabalza}, V. and {Astropy Contributors}},
    title = "{The Astropy Project: Building an Open-science Project and Status
              of the v2.0 Core Package}",
  journal = {\aj},
     year = 2018,
    month = sep,
   volume = 156,
    pages = {123},
      doi = {10.3847/1538-3881/aabc4f},
   adsurl = {http://adsabs.harvard.edu/abs/2018AJ....156..123A},
  adsnote = {Provided by the SAO/NASA Astrophysics Data System}
}

@article{Van-Der-Walt:2011,
	Author = {Van Der Walt, Stefan and Colbert, S Chris and Varoquaux, Gael},
	Date-Added = {2017-02-16 21:07:38 +0000},
	Date-Modified = {2017-02-16 21:07:38 +0000},
	Journal = {Computing in Science \& Engineering},
	Number = {2},
	Pages = {22--30},
	Publisher = {AIP Publishing},
	Title = {The NumPy array: a structure for efficient numerical computation},
	Volume = {13},
	Year = {2011}}

@article{Hunter:2007,
	Author = {Hunter, John D and others},
	Date-Added = {2017-02-16 21:07:32 +0000},
	Date-Modified = {2017-02-16 21:07:32 +0000},
	Journal = {Computing in science and engineering},
	Number = {3},
	Pages = {90--95},
	Title = {Matplotlib: A 2D graphics environment},
	Volume = {9},
	Year = {2007}}

@misc{Jones:2001,
	Author = {Eric Jones and Travis Oliphant and Pearu Peterson and others},
	Date-Added = {2017-02-16 21:08:01 +0000},
	Date-Modified = {2017-02-16 21:08:01 +0000},
	Title = {{SciPy}: Open source scientific tools for {Python}},
	Url = {http://www.scipy.org/},
	Year = {2001},
	Bdsk-Url-1 = {http://www.scipy.org/}}

@misc{Abadi15,
title={ {TensorFlow}: Large-Scale Machine Learning on Heterogeneous Systems},
url={https://www.tensorflow.org/},
note={Software available from tensorflow.org},
author={
    Mart\'{\i}n~Abadi and
    Ashish~Agarwal and
    Paul~Barham and
    Eugene~Brevdo and
    Zhifeng~Chen and
    Craig~Citro and
    Greg~S.~Corrado and
    Andy~Davis and
    Jeffrey~Dean and
    Matthieu~Devin and
    Sanjay~Ghemawat and
    Ian~Goodfellow and
    Andrew~Harp and
    Geoffrey~Irving and
    Michael~Isard and
    Yangqing Jia and
    Rafal~Jozefowicz and
    Lukasz~Kaiser and
    Manjunath~Kudlur and
    Josh~Levenberg and
    Dandelion~Man\'{e} and
    Rajat~Monga and
    Sherry~Moore and
    Derek~Murray and
    Chris~Olah and
    Mike~Schuster and
    Jonathon~Shlens and
    Benoit~Steiner and
    Ilya~Sutskever and
    Kunal~Talwar and
    Paul~Tucker and
    Vincent~Vanhoucke and
    Vijay~Vasudevan and
    Fernanda~Vi\'{e}gas and
    Oriol~Vinyals and
    Pete~Warden and
    Martin~Wattenberg and
    Martin~Wicke and
    Yuan~Yu and
    Xiaoqiang~Zheng},
  year={2015},
}

@article{exoplanet, title={dfm/exoplanet: exoplanet v0.1.2}, DOI={10.5281/zenodo.2249795}, abstractNote={<ul> <li>Adds regular grid interpolation Op for Theano</li> <li>Fixes major bug in handling of the stellar radius for transits</li> <li>Fixes small bugs in packaging and installation</li> <li>Fixes handling of diagonal covariances in <code>PyMC3Sampler</code></li> </ul>}, publisher={Zenodo}, author={Dan Foreman-Mackey and Geert Barentsen}, year={2018}, month={Dec}}

@article{pymc3,
    title={Probabilistic programming in Python using PyMC3},
   author={Salvatier, John and Wiecki, Thomas V and Fonnesbeck, Christopher},
  journal={PeerJ Computer Science},
   volume={2},
    pages={e55},
     year={2016},
publisher={PeerJ Inc.}
}

@article{theano,
    title="{Theano: A {Python} framework for fast computation of mathematical
            expressions}",
   author={{Theano Development Team}},
  journal={arXiv e-prints},
   volume={abs/1605.02688},
     year=2016,
    month=may,
      url={http://arxiv.org/abs/1605.02688}
}

